2874 3741
0 311 22 356 πῖ
172 244 231 290 κ’
368 267 400 353 2³
446 303 468 344 'fi
482 278 1043 341 meamne-temus
1063 281 1104 324 τ1.
1128 294 1172 325 c.
1204 283 1323 325 recte
1356 281 1529 325 monuit
1566 283 1615 324 et
1643 279 1858 324 Homerus
1897 294 2033 337 quum
2071 279 2170 324 aliis
2207 278 2314 323 locis
2342 281 2446 325 -tum
2475 275 2535 321 Jl.
2569 275 2650 330 XI,

11 375 31 408 z
76 376 84 384 ³
186 367 379 424 11qu¹!
400 359 563 417 probat
592 358 715 404 hisce
740 358 905 402 verbis:

195 457 264 486 §m
387 463 391 467 *
420 459 429 467 ·-
586 458 589 459 ⁷
690 458 722 542 Ἀ
764 473 873 533 ἔνθα
905 484 1040 533 ossio?
1079 485 1194 549 ἤϋσε
1226 484 1312 532 θεὰ
1346 456 1511 547 [Ἔρις]
1545 488 1662 547 μέγα
1696 464 1757 541 ce,
1788 482 1929 538 δεινόν
1962 504 2006 529 τε

764 562 900 623 ὄρθι’,
922 562 1168 621 Ἀχαιοῖσιν
1199 565 1245 609 δὲ
1278 565 1392 633 μέγα
1426 566 1588 618 σθένος
1620 561 1770 622 ἔμβαλ’
1811 561 1984 620 ἑκάστῳ

765 643 937 702 καρδίῃ,
970 640 1191 701 ἄλληκτον
1222 643 1471 700 πολεμίζειν
1504 638 1580 704 ἠδὲ
1613 641 1861 699 μάχεσθαι.

186 796 247 843 Et
271 797 365 854 jam
396 809 436 838 v·
472 794 557 836 148
588 796 719 850 poeta
749 792 883 837 Erida
914 794 968 837 ad
1000 793 1280 851 pugnandum
1311 794 1568 836 incitantem
1599 793 1709 835 dixit
1742 789 2059 852 (κορύσσουσα
2092 786 2245 834 κλόνον
2278 787 2484 849 ἅνδρῶν).
2549 790 2644 842 Qua

186 888 234 919 ro
264 876 505 930 commotus
535 885 682 914 versus
718 872 951 913 149—154
983 873 1152 927 spurios
1170 872 1274 914 'esse
1304 874 1433 926 puto,
1473 871 1574 926 quia
1606 885 1674 912 vv.
1712 872 1946 913 149—150
1978 871 2121 913 versui
2155 870 2240 911 148
2279 873 2539 925 repugnant,
2572 883 2640 911 vv,

190 951 276 995 150
307 952 352 992 et
386 950 470 992 163
492 931 640 990 =iidem
679 950 800 999 sunt,
841 964 908 990 vv.
946 949 1181 990 151-153
1219 963 1322 991 vero
1363 949 1417 991 ad
1448 949 1627 991 Homeri
1666 963 1814 990 versus
1846 948 1904 990 Jl.
1939 948 1973 998 Ι,
2008 949 2048 989 3.
2099 947 2177 989 Od.
2212 947 2246 989 Ι.
2283 947 2364 988 161
2399 960 2489 1001 sqq.
2539 945 2641 997 XII,

187 1029 244 1072 45
276 1042 370 1084 sqq.
402 1025 581 1070 formati
612 1024 826 1069 videntur.
890 1025 1025 1069 Poeta
1063 1025 1244 1083 imagini
1283 1025 1557 1077 Tumultum,
1600 1025 1829 1069 Terrorem
1842 1059 1851 1077 ,
1892 1025 2184 1075 Homicidium
2215 1023 2385 1080 adjecit.
2449 1022 2642 1066 Interro-

185 1107 331 1163 gatur,
363 1118 551 1160 quonam
582 1103 675 1146 loco
707 1102 805 1145 illas
837 1101 1000 1159 figuras
1033 1102 1196 1158 positas
1227 1117 1317 1145 esse
1348 1103 1523 1160 cogites.
1588 1103 1723 1146 Poeta
1754 1102 1928 1158 quidem
1960 1102 2041 1145 hac
2073 1102 2124 1144 de
2157 1117 2202 1144 re
2243 1100 2403 1150 tacuit;
2443 1099 2642 1155 equidem

186 1197 259 1228 eas
289 1197 388 1226 cum
418 1181 549 1224 Eride
580 1180 758 1225 comites
789 1180 994 1237 conjungi
1031 1195 1130 1223 eum
1168 1180 1353 1224 voluisse
1391 1195 1643 1236 persuasum
1682 1181 1835 1223 habeo.
1901 1179 2064 1222 Versus
2104 1182 2331 1236 sequentes
2364 1177 2641 1233 (156—160)

186 1263 302 1305 certe
338 1259 477 1315 spurii
515 1262 628 1301 sunt.
700 1256 816 1301 Nam
853 1258 1043 1313 primum
1082 1258 1241 1300 iterum
1279 1262 1409 1314 poeta
1447 1259 1708 1302 mentionem
1754 1258 1862 1301 facit
1901 1257 2066 1309 Eridis‚
2114 1271 2377 1313 quamquam
2416 1270 2513 1298 eam
2546 1255 2640 1310 jam

186 1354 226 1382 v.
262 1337 347 1380 148
393 1335 638 1392 descripsit3
686 1335 838 1378 deinde
884 1334 1006 1390 quia,
1055 1335 1169 1391 quod
1212 1335 1266 1377 ad
1306 1338 1432 1393 Κῆρα
1480 1339 1667 1392 spectat,
1717 1351 1769 1378 ex
1810 1335 1989 1378 Homeri
2037 1335 2225 1392 imagine
2273 1334 2392 1376 urbis
2439 1333 2635 1375 obsessae

186 1415 273 1472 (vv.
315 1413 572 1469 535—540)
611 1415 802 1454 sumtum
844 1427 936 1454 esse
972 1415 1118 1468 patet3
1160 1416 1254 1454 tum
1293 1427 1394 1455 vero
1435 1414 1480 1455 hi
1520 1428 1686 1464 versuS,
1736 1414 1940 1468 quoniam
1988 1427 2133 1454 rerum
2172 1426 2305 1453 nexus
2344 1411 2638 1458 conservatur,

168 1492 347 1549 *optime
385 1490 576 1546 expungi
613 1493 807 1545 possunt.
870 1488 1018 1532 Etiam
1056 1489 1278 1533 duodecim
1315 1494 1534 1545 serpentes
1573 1492 1718 1547 imago
1759 1492 1974 1541 continet,
2017 1504 2123 1546 quos
2157 1485 2562 1543 Schlichtegrollius
2594 1484 2639 1525 in

184 1570 276 1626 ejus
307 1568 503 1625 margine
534 1567 598 1610 ita
628 1581 719 1609 esse
749 1567 966 1622 ponendos
999 1566 1259 1619 arbitratur,
1298 1570 1348 1609 ut
1380 1571 1548 1610 ceterae
1588 1569 1754 1624 figurae
1797 1570 1851 1610 ab
1890 1569 1943 1610 iis
1975 1568 2310 1611 circumdentur.
2374 1563 2522 1614 Poeta,
2555 1576 2639 1617 quo

181 1649 276 1692 loco
321 1644 559 1689 collocandi
606 1645 715 1695 sint,
762 1659 847 1686 non
894 1645 1068 1694 attulit3
1115 1644 1282 1700 itaque,
1338 1651 1389 1687 ut
1441 1646 1585 1701 imago
1632 1660 1761 1700 quam
1816 1647 2108 1701 pulcherrima
2165 1645 2345 1694 existat,
2395 1639 2638 1684 Schlichte-

182 1723 340 1783 grollio
371 1722 594 1784 assentior.

398 1799 630 1856 Reliquum
660 1802 739 1851 est,
772 1802 822 1841 ut
853 1799 904 1841 de
937 1800 1130 1842 versibus
1166 1800 1419 1842 164—165:

760 1928 847 1967 τῶν
877 1925 951 1967 καὶ
983 1919 1176 1968 ὀδόντων
1209 1926 1283 1981 μὲν
1314 1922 1486 1983 καναχὴ
1521 1924 1661 1980 πέλει»,
1695 1921 1792 1970 εὖτε
1827 1922 2020 1982 μάχοιτο

753 1997 1172 2058 Ἀμφιτρυωνιάδης,
1208 1998 1259 2044 τὰ
1292 2003 1336 2045 δὲ
1370 2003 1517 2046 δαίετο
1551 2000 1765 2061 θαυματὰ
1800 2004 1917 2060 ἔργα.

178 2149 316 2190 pauca
346 2133 498 2177 dicam.

396 2209 508 2252 Sunt
545 2209 620 2265 qui
658 2211 832 2265 poetam
872 2209 949 2252 hos
989 2224 1136 2252 versus
1168 2225 1221 2252 ex
1253 2211 1520 2267 imaginandi
1551 2215 1646 2255 arte
1678 2213 1897 2268 scripsisse
1929 2212 2200 2268 intelligant,
2235 2209 2278 2251 id
2311 2207 2423 2264 quod
2454 2206 2631 2248 minime

178 2289 333 2344 placet.
398 2287 512 2331 Nam
550 2290 679 2344 poeta
717 2287 808 2342 ipse
847 2302 938 2329 rem
969 2288 1125 2331 miram
1156 2303 1246 2330 esse
1277 2290 1543 2340 intellexisse
1584 2291 1774 2340 videtur,
1816 2294 2082 2346 quapropter
2115 2290 2254 2332 addit:
2306 2282 2356 2328 τὰ
2395 2284 2440 2327 δὲ
2482 2283 2629 2326 δαίετο

178 2363 395 2420 θαυματὰ
437 2364 554 2421 ἔργα.
617 2363 781 2406 Dentes
820 2366 1004 2407 fortasse
1044 2370 1169 2408 erant
1208 2367 1409 2418 mobiles,
1449 2372 1500 2410 ut
1539 2369 1747 2411 vibrando
1786 2372 1906 2411 scuto
1947 2368 2193 2410 striderent.
2257 2367 2375 2415 Quae
2414 2362 2630 2405 sententia

178 2443 321 2489 verbis
370 2434 466 2485 εὖτε
509 2439 708 2499 μάχοιτο
733 2436 1140 2499 Ἀμφιτρυωνιάδης
1188 2444 1422 2498 probatum
1470 2446 1647 2488 obstant
1694 2461 1794 2488 vero
1842 2446 1918 2489 illa
1965 2447 2108 2497 verba,
2158 2445 2193 2486 si
2239 2446 2367 2500 poeta
2414 2439 2627 2483 artificem

176 2522 398 2575 serpentes
428 2520 484 2562 ad
514 2522 719 2562 naturam
748 2522 841 2561 tam
873 2520 1181 2572 accomodatos,
1214 2523 1264 2562 ut
1296 2522 1376 2563 visi
1407 2523 1494 2564 sint
1525 2523 1769 2573 stridentes,
1802 2523 1975 2566 finxisse
2007 2523 2124 2566 dicit.

391 2596 556 2648 Quibus
586 2595 791 2652 expositis
822 2596 948 2640 facile
980 2597 1256 2654 intelligitur,
1290 2598 1401 2642 hanc
1430 2600 1665 2657 imaginem
1686 2601 1951 2644 obscuritate
1971 2616 2058 2644 non
2079 2614 2236 2643 carere.
2290 2597 2372 2640 Sed
2404 2596 2626 2638 hactenus.

391 2674 451 2717 Et
489 2674 703 2717 Homerus
742 2676 911 2716 scutum
950 2675 1156 2726 Achillis,
1204 2680 1249 2718 et
1286 2676 1498 2720 Hesiodus
1538 2681 1708 2720 scutum
1749 2679 1946 2722 Herculis
1987 2678 2145 2721 Oceani
2176 2676 2404 2718 simulacro
2441 2673 2626 2716 circum-
2709 2690 2714 2691 ⁷

174 2747 325 2795 datum
355 2752 487 2796 fuisse
518 2751 645 2802 dicit3
677 2752 751 2794 sed
782 2766 989 2808 magnum
1021 2752 1135 2794 inter
1166 2753 1473 2809 descriptiones
1504 2755 1733 2799 discrimen
1764 2761 1843 2799 est.

390 2829 586 2886 Uterque
623 2832 752 2885 poeta
790 2844 875 2885 quo
914 2831 1007 2872 loco
1047 2828 1207 2874 Oceani
1245 2831 1389 2888 imago
1429 2833 1571 2889 posita
1610 2834 1680 2885 sit,
1722 2835 1976 2892 designavit.
2053 2831 2161 2875 Erat
2197 2832 2312 2874 enim
2349 2831 2465 2875 inter
2512 2827 2625 2870 scuti
2706 2830 2709 2834 '

173 2907 415 2965 marginem
447 2910 493 2951 et
522 2900 686 2964 figuras
725 2907 982 2963 descriptae,
1023 2923 1108 2964 qua
1139 2908 1185 2950 in
1216 2923 1263 2951 re
1295 2910 1554 2968 interpretes
1586 2926 1755 2968 quoque
1787 2912 2073 2955 consentiunt.
2135 2909 2347 2953 Hesiodus
2378 2921 2502 2958 vero,
2536 2906 2627 2949 sive

172 2986 331 3038 mavis,
371 2987 529 3043 aliquis
567 3001 737 3039 censor,
777 2986 942 3030 addidit
982 2987 1163 3043 imagini
1194 2988 1347 3039 olores,
1381 3003 1564 3044 quorum
1595 2991 1671 3033 alii
1702 2994 1903 3034 canentes
1934 2990 2146 3032 evolaturi
2178 2990 2301 3039 sunt,
2341 2987 2419 3031 alii
2455 3000 2626 3028 summa
2662 3034 2665 3037 ,

171 3063 218 3106 in
238 3078 363 3119 taqua
393 3068 515 3108 nant.
578 3064 727 3108 Etiam
757 3066 894 3120 pisces
925 3066 1124 3108 celeriter
1155 3069 1360 3109 natantes
1392 3067 1568 3121 adjecit,
1610 3083 1715 3124 quos
1746 3069 1919 3123 Jupiter
1957 3069 2047 3122 ipse
2086 3067 2340 3110 admiratur.
2406 3064 2478 3109 Sic
2509 3061 2641 3107 enim

171 3142 342 3205 scutum
373 3140 617 3189 confectum
647 3142 1085 3199 splendidissimisque
1116 3143 1269 3200 figuris
1290 3146 1492 3188 ornatum
1520 3146 1815 3201 conspicimus.
1864 3144 1910 3188 Si
1939 3145 2050 3188 hanc
2081 3143 2260 3188 Hesiodi
2289 3142 2627 3200 descriptionem

157 3218 270 3262 ’011111
299 3216 479 3263 Homeri
502 3219 831 3274 contulerimus,
863 3220 1043 3264 dubium
1074 3235 1160 3264 non
1191 3221 1289 3275 erit,
1321 3221 1558 3266 Hesiodum
1589 3223 1748 3268 Oceani
1779 3223 2013 3281 imaginem
2043 3223 2162 3268 haud
2198 3223 2347 3281 inepte
2386 3221 2476 3273 his,
2516 3232 2624 3277 quas

169 3295 325 3358 attuli,
370 3296 525 3354 figuris
570 3312 822 3350 exornasse;
875 3313 978 3342 nam
1031 3300 1112 3343 tali
1163 3301 1352 3357 imagine
1397 3305 1567 3344 scutum
1614 3301 1782 3344 Oceano
1828 3302 1953 3357 quasi
1998 3316 2157 3346 corona
2208 3301 2459 3346 includitur.
2538 3296 2623 3340 Sed

169 3371 403 3446 descriptio
425 3373 601 3424 ,olorum
631 3378 677 3419 et
708 3376 890 3432 piscium
915 3377 1066 3433 jejuna
1097 3380 1301 3434 apparet3
1340 3393 1441 3422 nam
1471 3394 1696 3435 nusquam,
1729 3394 1782 3421 ex
1814 3380 1971 3435 quibus
2001 3381 2194 3424 metallis
2225 3360 2426 3436 singulae
2454 3378 2622 3434 figurae

136 3496 148 3506 R
169 3451 442 3521 consi-uictae
471 3450 573 3503 sint,
604 3456 734 3509 poeta
764 3453 908 3508 affert,
940 3469 1124 3511 quorum
1153 3455 1368 3500 Homerus
1400 3456 1490 3499 fere
1521 3457 1679 3512 ubique
1710 3457 1975 3501 mentionem
2006 3458 2127 3502 facit.
