2874 3741
608 181 620 185 >-
661 212 709 270 'f
720 215 1179 292 armatietvngmes
1171 215 1357 261 comis
1424 177 1427 179 ·
1516 182 1593 270 IX
1635 213 1808 265 Moesis,
1841 217 2060 266 aratores,
2093 224 2337 269 messores,
2357 214 2484 261 ludus
2515 214 2572 258 ad
2602 214 2664 256 ti·

143 292 324 337 &W
331 276 534 341 me
540 279 736 340 &horum
732 276 970 347 &suffixit
988 282 1078 336 duo
1107 291 1352 339 :aiem
1538 345 1548 350 ,
1616 291 1768 342 biam,
1800 291 2029 352 vindemia,
2051 276 2327 349 pugnatores
2337 293 2384 334 et
2408 276 2661 372 luentem,

188 364 259 413 *ι’-ἣ
268 368 416 416 “*W
417 354 699 416 ὦθθῐε-ΞΘΟΒ.
757 375 760 399 ³
792 353 853 387 *ι’
973 412 977 416 ,
1045 393 1056 413 -.
1634 368 1823 418 venatio,
1856 382 1909 410 ex
1939 372 2071 411 curru
2100 368 2376 418 dimicantes,
2416 344 2660 430 prsemit'im

1635 444 1824 489 victoris.
1889 445 2241 495 vv.286-313.

389 539 391 544 *
415 545 462 612 Si
480 536 606 625 >genti
634 538 859 625 cujusdam
891 567 1011 609 ovati
1043 536 1326 642 superficiem,
1361 567 1544 621 primam
1576 567 1811 623 imaginem
1844 567 1889 607 in
1921 565 2062 607 media
2093 565 2349 607 collocatam
2381 548 2582 635 lineaque
2613 567 2658 608 ιιι

90 668 110 700 f
134 694 136 697 ,
199 647 396 706 spuriam
415 643 529 693 senti
557 643 675 688 orae
689 642 971 686 terminatam
1002 637 1146 686 animo
1177 643 1300 685 nobis
1332 643 1597 692 finxerimus,
1631 643 1823 698 spatium
1857 642 1938 685 hac
1971 641 2086 684 linea
2117 643 2162 682 et
2193 654 2271 683 ora
2299 640 2411 683 scuti
2442 629 2657 685 inclusum

136 740 143 747 2
198 724 434 777 mmm
450 717 737 778 imagineaq
707 734 826 777 (puae
840 722 1105 776 supersunt„
1118 719 1407 776 aequabiliter
1436 719 1783 763 distribuendum
1812 719 1898 766 erit
1928 719 2006 770 ita,
2041 722 2092 762 ut
2122 717 2260 761 omnis
2280 718 2436 776 imago
2451 720 2515 761 et
2540 721 2657 764 scuti

198 780 321 846 orain
351 802 397 843 et
428 813 559 856 quam
590 798 679 841 dixi
709 798 867 841 lineam
900 797 1120 853 aequlitei·
1143 799 1301 854 tangat
1331 812 1381 840 ac
1411 797 1645 841 diametros
1688 812 1824 853 parva
1856 802 1901 840 et
1940 797 2126 853 primam
2159 799 2204 838 et
2236 796 2464 851 quintam,
2495 811 2657 855 magna

198 880 245 921 et
275 877 463 927 tertiam
491 878 536 917 et
576 876 805 940 septimam
843 875 999 918 harum
1039 875 1233 929 partium
1274 874 1317 914 in
1358 874 1464 916 duas
1504 877 1651 928 partes
1691 875 1932 930 aequaliter
1964 874 2142 917 dividat.
2209 872 2355 915 Prima
2387 874 2579 930 imagine
2611 875 2657 916 in

198 954 354 1024 medio
369 943 492 997 scuto
522 939 746 1003 collocata,
777 951 1007 995 secundam
1038 950 1084 993 in
1115 951 1260 1006 prima
1286 952 1384 993 octo
1416 950 1620 1005 partium,
1662 952 1839 994 tertiam
1870 952 1912 993 in
1945 951 2163 1008 sequenti,
2205 954 2426 1007 quartam
2443 950 2489 993 in
2520 952 2657 994 tertia

191 1021 284 1095 2vel
299 1021 457 1082 erecto
473 1032 595 1082 scuto
626 1029 806 1079 infima,
829 1028 1029 1084 quintam
1058 1028 1104 1070 in
1135 1029 1293 1083 quarta
1325 1027 1514 1082 positam
1553 1041 1643 1069 esse
1682 1028 1857 1084 cogites.
1920 1028 2034 1071 Nam
2066 1027 2303 1072 Hesiodum
2334 1042 2361 1072 a
2392 1028 2570 1071 sinistra
2601 1028 2656 1071 ad

198 1101 398 1177 dextram
428 1121 704 1166 progressum
735 1105 927 1162 singulas
949 1105 1060 1147 scuti
1080 1104 1289 1162 imagines
1311 1104 1582 1159 descripsisse
1615 1103 1973 1147 verisimillimum
2005 1110 2082 1148 est.
2132 1106 2249 1149 Haec
2282 1108 2399 1148 recte
2431 1105 2655 1161 disputata

199 1165 306 1238 esse,
336 1185 485 1241 paucis
514 1183 751 1240 ostendam.

416 1261 627 1305 Hesiodus
659 1260 989 1316 descriptionem
1021 1260 1140 1311 urbis
1179 1260 1375 1302 obsessae
1407 1259 1562 1314 incipit
1595 1259 1736 1301 verbis
1779 1259 1835 1313 (v.
1872 1259 1977 1315 236)
2024 1257 2124 1302 »ἐπι
2157 1259 2200 1301 δε
2234 1261 2415 1303 δεινοῖσι
2447 1257 2654 1317 καρήνοις

203 1339 430 1395 Γοργείοις
463 1337 581 1379 κτλ(
617 1337 731 1392 quod
759 1335 943 1379 Graevio
965 1337 1175 1391 probante
1195 1339 1341 1378 verto:
1380 1335 1545 1390 »Supra
1578 1350 1704 1377 saeva
1737 1338 1884 1377 autem
1917 1336 2062 1390 capita
2084 1336 2333 1392 Gorgonum
2353 1341 2462 1379 ete«
2498 1337 2655 1392 Capita

200 1431 303 1460 vero
332 1414 615 1472 Gorgonum
603 1428 648 1456 ιιι
670 1413 941 1456 antecedenti
971 1413 1159 1470 imagine
1191 1412 1504 1455 describuntur.
1553 1412 1671 1469 Ergo
1700 1413 1799 1463 scio,
1832 1427 1965 1468 quam
1996 1415 2150 1468 poetae
2182 1413 2469 1469 descriptione
2501 1414 2656 1457 ductus

193 1494 384 1553 septimo
422 1494 515 1535 loco
552 1492 676 1547 posui
713 1491 946 1546 imaginem
984 1491 1103 1532 urbis
1141 1491 1336 1533 obsessae
1377 1490 1487 1531 scuti
1524 1495 1649 1544 parte
1689 1491 1865 1533 sinistra
1905 1505 2036 1547 supra
2074 1491 2402 1534 antecedentem
2441 1492 2656 1534 diametro

200 1585 337 1627 parva
368 1568 610 1625 aequaliter
640 1567 820 1611 divisam
852 1567 1085 1623 imaginem
1116 1567 1371 1610 collocatam
1403 1581 1506 1609 esse.
1560 1565 1773 1622 Jmaginis
1806 1582 1907 1610 vero
1939 1568 2081 1610 laetae
2113 1567 2231 1610 urbis
2263 1568 2509 1658 descriptiO,
2542 1583 2653 1623 quae

200 1647 532 1703 descriptionem
571 1646 766 1688 obsessae
804 1644 924 1700 urbis
964 1643 1178 1699 sequitur,
1220 1643 1372 1698 incipit
1412 1643 1527 1687 hisce
1566 1643 1707 1686 verbis
1747 1643 1803 1698 (v.
1846 1644 1972 1699 270):
2014 1640 2132 1698 παρὰ
2172 1643 2218 1686 δὲ
2258 1639 2477 1701 εὔπυργος
2521 1640 2649 1696 πόλις

201 1719 370 1797 ἆνρρῶν
401 1721 447 1778 (ι.
480 1737 516 1765 e.
544 1723 673 1779 juxta
705 1734 805 1763 vero
836 1721 998 1763 turrita
1028 1720 1131 1763 urbs
1162 1719 1418 1775 hominum).
1471 1719 1631 1775 Jtaque
1664 1720 1808 1777 imago
1838 1721 1968 1776 hujus
2000 1721 2117 1762 urbis
2144 1722 2273 1777 juxta
2304 1723 2501 1767 obsessae
2533 1723 2654 1765 urbis

201 1801 435 1858 imaginem
454 1799 651 1857 ponenda
673 1801 750 1841 est.
794 1797 862 1840 Ex
882 1812 967 1853 quo
987 1796 1264 1853 intelligitur,
1296 1800 1450 1851 supras
1471 1799 1618 1840 extam
1649 1797 1891 1853 septimam,
1919 1798 2048 1853 juxta
2070 1799 2299 1854 septimam
2320 1814 2422 1842 vero
2452 1803 2653 1843 octavam

200 1877 493 1922 collocandam
524 1891 614 1920 esse
635 1876 882 1932 imaginem,
914 1889 1045 1929 quam
1066 1876 1209 1917 erecto
1231 1876 1365 1925 scuto,
1397 1889 1556 1931 magna
1577 1875 1823 1925 diametros,
1857 1878 1907 1917 ut
1935 1890 2065 1931 supra
2087 1876 2189 1927 dixi,
2221 1877 2463 1932 aequaliter
2484 1876 2653 1920 dividit.

202 1954 307 1999 Post
336 1957 535 1998 octavam
566 1968 667 1997 vero
697 1953 932 2009 imaginem
963 1966 1141 2003 nonam,
1183 1954 1282 2007 post
1313 1966 1484 2002 nonam,
1517 1967 1651 2008 quum
1683 1951 1824 2007 prima
1856 1952 1902 1994 in
1932 1953 2071 1996 medio
2093 1956 2215 1996 scuto
2235 1950 2378 2009 posita
2399 1954 2471 2004 sit,
2504 1968 2655 1997 secun·

201 2023 315 2085 dam,
346 2034 445 2088 post
475 2018 705 2075 secundam
735 2029 912 2072 tertiam
943 2031 1024 2071 etc.
1057 2044 1203 2086 ponas.

416 2108 532 2152 Nam
560 2122 716 2150 novem
745 2109 920 2149 tantum
951 2107 1160 2163 imagines
1191 2110 1236 2148 et
1267 2107 1313 2148 in
1343 2106 1520 2149 Hesiodi
1551 2107 1836 2162 descriptione
1876 2108 1988 2150 scuti
2019 2108 2219 2151 Herculis
2258 2113 2303 2151 et
2333 2109 2513 2152 Homeri
2545 2109 2657 2151 scuti

201 2185 386 2230 Achillis
416 2185 573 2229 inveni.
620 2183 768 2226 Etiam
788 2184 870 2228 hac
891 2174 938 2226 re
958 2182 1193 2226 Hesiodum
1216 2182 1398 2226 Homeri
1430 2184 1761 2240 descriptionem
1791 2184 2119 2241 diligentissime
2148 2185 2369 2229 imitatum
2388 2195 2480 2229 esse
2501 2186 2654 2242 liquet.

325 2308 327 2311 Α
417 2261 630 2305 Homerus
662 2261 714 2304 de
745 2260 1049 2303 distribuendis
1080 2260 1232 2317 figuris
1263 2261 1373 2303 nihil
1404 2261 1592 2316 profert,
1625 2261 1698 2303 sed
1730 2262 1878 2304 eodem
1908 2262 2053 2313 modo,
2088 2277 2173 2317 quo
2205 2264 2252 2305 in
2282 2267 2404 2306 scuto
2435 2262 2651 2314 Herculis,

203 2340 401 2397 singulas
428 2331 593 2396 figuras
623 2338 881 2381 distribuere
912 2352 999 2380 non
1028 2337 1192 2389 dubito,
1224 2338 1426 2394 quoniam
1457 2337 1682 2389 Hesiodus,
1724 2337 1902 2381 Homeri
1932 2338 2232 2395 descriptionis
2264 2339 2462 2384 imitator
2494 2340 2652 2385 fidissi·

205 2431 314 2469 mus,
342 2415 678 2473 ‘descriptionem
709 2430 833 2457 suam
862 2415 922 2458 sic
952 2415 1159 2465 instituit,
1189 2417 1240 2456 ut
1260 2414 1497 2457 Homerum
1527 2424 1649 2457 suam
1680 2415 1918 2458 instituisse
1950 2416 2181 2458 intellexit.
2229 2416 2288 2458 Et
2308 2431 2440 2472 quam
2471 2417 2656 2472 pulchre

203 2492 288 2552 hoc
315 2493 442 2536 modo
473 2492 670 2549 singulae
700 2495 921 2536 scutorum
952 2492 1119 2549 figurae
1149 2491 1382 2548 dispositae
1414 2495 1535 2534 sunt!
1568 2492 1736 2535 Erectis
1768 2492 1900 2535 scutis
1932 2493 1976 2535 in
1998 2491 2198 2536 Herculis
2228 2509 2396 2538 summo
2426 2497 2473 2536 et
2503 2485 2655 2538 infimo

203 2572 327 2627 scuto
364 2569 488 2614 binas
526 2569 747 2627 imagines,
775 2584 843 2613 res
881 2570 1051 2625 quietas
1089 2584 1140 2612 ac
1186 2569 1397 2625 placidas,
1445 2570 1492 2612 in
1529 2573 1712 2625 utroque
1752 2584 1853 2613 vero
1891 2570 2030 2614 latere
2076 2571 2200 2614 binas
2245 2571 2535 2626 exprimentes
2583 2585 2653 2615 res

202 2646 382 2691 bellicas
420 2646 675 2690 invenimus.
737 2646 952 2690 Homerus
991 2649 1139 2699 autem¹
1177 2646 1223 2689 in
1260 2650 1446 2703 utroque
1478 2647 1589 2690 scuti
1620 2648 1757 2690 latere
1787 2662 1919 2691 unam
1950 2650 2124 2690 tantum
2154 2647 2387 2705 imaginem
2418 2662 2487 2691 res
2525 2648 2655 2693 belli-

203 2738 287 2787 eas
307 2723 582 2786 exhibentem
614 2723 861 2779 descripsit3
892 2726 1060 2766 ceterae
1090 2724 1300 2780 imagines
1330 2724 1453 2767 nobis
1485 2725 1719 2767 ostendunt
1750 2740 1817 2767 res
1849 2725 2039 2780 quietas,
2070 2725 2315 2768 Hesiodus
2302 2740 2349 2768 in
2369 2725 2510 2769 medio
2530 2728 2657 2769 scuto

204 2814 273 2844 res
303 2801 523 2844 terribiles
553 2801 886 2856 horrendasque,
917 2800 1133 2843 Homerus
1162 2801 1354 2856 placidas
1379 2802 1676 2858 jucundasque
1707 2803 1959 2858 composuit.
2018 2802 2228 2845 Hesiodus
2258 2802 2432 2846 omnino
2462 2802 2657 2859 quinque

203 2874 417 2943 imagines
445 2878 581 2921 rebus
605 2876 887 2930 terribilibus,
920 2879 1128 2933 quattuor
1157 2892 1260 2921 vero
1292 2879 1420 2921 rebus
1451 2879 1630 2935 placidis
1662 2879 1884 2936 impletaS,
1927 2879 2140 2922 Homerus
2170 2879 2276 2923 duas
2297 2877 2505 2931 tantum,
2544 2892 2658 2936 qme

35 2926 40 3010 L
87 2940 98 2978 ss
161 2989 163 2991 -
204 2963 287 2999 res-
303 2952 541 3008 terribiles,
582 2957 748 3011 septem
778 2970 900 3006 vero,
939 2969 1051 3011 quae
1090 2970 1158 2998 res
1189 2955 1381 3012 placidas
1413 2956 1641 3008 exhibent,
1683 2956 1920 3012 descripsit.
1984 2956 2042 3000 Et
2074 2957 2281 3013 profecto,
2313 2956 2528 3009 Hesiodus
2557 2972 2662 3003 cnm

204 3033 378 3097 ιιιαᾱοτο
397 3033 637 3093 gravitate,
676 3047 808 3088 quam
838 3032 1072 3083 Homerus,
1111 3032 1187 3088 qui
1225 3033 1349 3088 quasi
1389 3036 1581 3076 aetatem
1620 3048 1799 3077 auream
1835 3034 1958 3076 nobis
1996 3034 2218 3090 proponit,
2260 3048 2330 3077 res
2369 3027 2661 3092 contemplari

188 3108 389 3176 ridetur,
419 3109 545 3164 quasi
573 3109 651 3152 illa
681 3109 836 3171 quinta
867 3109 1033 3152 viveret
1063 3111 1224 3160 aetate,
1257 3109 1310 3151 de
1340 3124 1427 3166 qua
1457 3110 1582 3153 dicit:
1617 3110 1739 3168 (ἔργα
1773 3111 1846 3152 καὶ
1879 3103 2038 3169 ἡμέραι
2069 3126 2136 3152 vv.
2174 3111 2259 3153 172
2292 3113 2407 3168 sqq.)

771 3217 1074 3285 μηκέτ”ἕπειέ
1111 3218 1303 3275 (ὄφειλον
1335 3220 1420 3280 ἐγώ
1452 3222 1692 3279 πέμπτοισι
1722 3228 1914 3279 μετεῖναι

771 3289 996 3358 ἀνδράσιν,
1029 3296 1125 3344 ἀλλ’
1158 3298 1186 3359 ἢ
1219 3298 1391 3357 πρόσθε
1423 3307 1574 3345 θανεῖν
1605 3298 1632 3360 ἢ
1664 3299 1809 3344 ἔπειτα
1842 3299 2073 3358 γενέσθαι·

769 3383 846 3423 ’νῦν
877 3375 959 3438 γὰρ
989 3375 1046 3441 δὴ
1078 3369 1200 3438 γὲνος
1233 3376 1329 3424 ἐστὶ
1360 3377 1580 3438 σιδήρεον,
1612 3378 1670 3423 xi.
