2874 3741
165 170 355 251 >‘gesse
364 187 715 249 sidem-quia.
723 187 917 245 ‚primum
941 178 1110 244 judiees
1140 185 1208 230 in-
1209 186 1644 257 hamum-ahs
1656 188 1842 241 :aedera
1859 187 2029 234 deinde
2032 198 2178 242 vem,
2180 183 2735 265 ”ephsam

22 248 26 255 “
214 241 2771 358 'mmmmmnoemqmmmmmmmnuammsmmmmffl

186 392 196 400 ,Δ
235 335 411 392 {tunm
424 343 536 389 illud
564 357 621 387 ex
649 344 810 401 poetae
838 340 1120 420 imaginandi
1141 357 1186 385 vi
1216 341 1484 399 processisse
1493 342 1752 388 habendum
1783 347 1865 389 est.

432 419 679 465 Hesiodus
698 413 843 477 hujus
874 414 1079 477 imaginis
1110 402 1356 463 universam
1387 408 1722 476 descriptionem
1752 406 1847 466 non
1852 423 2002 467 solum
2032 437 2087 469 ex
2114 422 2202 470 hac
2220 397 2410 468 Homeri
2418 421 2719 484 demptione

240 500 410 551 hausit,
429 498 520 541 sed
547 497 684 542 etiam
714 512 814 541 cum
849 497 916 550 iis,
949 511 1060 553 quae
1091 497 1304 540 Homerus
1336 511 1404 540 vv.
1437 490 1676 540 590—605
1708 499 1913 555 profert,
1932 500 2171 557 conjunxit.
2233 498 2354 552 Qun
2366 498 2420 544 de
2453 513 2589 545 eausa
2612 493 2732 560 ejus
2778 505 2788 511 '

246 576 497 635 descriptio
511 575 782 624 obscuritate
812 576 1001 632 quadam
1033 576 1255 619 cumulata
1286 578 1368 627 est,
1399 575 1444 618 id
1474 575 1589 631 quod
1620 576 1795 632 quidem
1825 590 1918 620 non
1943 580 2037 620 tam
2067 577 2113 620 in
2143 578 2319 635 culpam
2349 579 2505 648 poetae
2533 576 2718 631 vert-nh,

248 659 387 713 quaml
409 661 576 706 eorum,
607 653 699 711 qui,
731 654 846 710 quod
877 654 958 697 hoc
990 654 1084 696 loco
1115 655 1255 708 patet,
1289 654 1582 697 recensionem
1611 656 1835 698 curarunt.
1898 654 2041 698 Extra
2070 655 2191 698 urbis
2222 658 2373 711 portas
2398 657 2582 714 juvenes
2607 642 2725 724 quivi

240 744 334 789 ‘que
364 733 489 790 equis
520 731 728 776 vehentes
748 731 1100 787 conspiciuntur,
1133 730 1176 772 id
1208 730 1322 786 quod
1353 731 1409 774 ab
1440 730 1620 773 Homeri
1651 731 1941 788 descriptione
1973 732 2164 775 alienum
2196 734 2276 775 est.
2333 730 2418 777 Sed
2446 747 2535 777 non
2563 733 2717 786 habeo,

250 825 329 856 cur
363 813 541 868 poetam
579 802 635 853 ob
673 809 755 852 hoc
788 808 1135 852 additamentum
1176 809 1512 864 reprehendam,
1553 809 1758 865 quoniam
1797 824 2009 865 equorum
2047 810 2254 867 fatigatio
2293 811 2435 854 aliena
2474 827 2563 855 non
2593 813 2660 854 est
2691 827 2718 855 a

209 874 223 895 δ’
247 890 379 934 rebus
409 887 541 945 pacis.
604 885 758 943 Neque
790 900 891 930 vero
931 888 1061 942 poeta
1099 887 1262 943 judices
1297 885 1543 943 judicantes
1584 886 1733 939 affert,
1774 887 1887 943 quod
1918 887 2092 943 quidem
2123 902 2221 932 cum
2250 886 2550 944 descriptionis
2581 888 2717 932 detri-

247 970 419 1011 mentro
449 962 611 1008 omisit.

469 1041 517 1086 Si
559 1042 615 1085 ad
652 1045 801 1085 versus
840 1046 1068 1098 sequentes
1109 1043 1385 1098 (286—313)
1425 1042 1697 1097 respicimus,
1738 1046 1885 1085 utrum
1924 1044 1979 1086 ad
2016 1043 2216 1094 eandem,
2257 1058 2388 1099 quam
2424 1047 2553 1099 poeta
2591 1043 2717 1087 modo

251 1121 484 1178 descripsit
531 1120 770 1176 imaginem
810 1122 1027 1175 spectent,
1068 1135 1221 1169 necne,
1270 1122 1478 1162 certatur.
1548 1118 1633 1160 Res
1671 1119 1971 1174 descriptionis
2009 1121 2303 1163 antecedentis
2340 1120 2560 1163 uberiores
2600 1124 2715 1174 sunt,

168 1190 172 1193 ¹
224 1191 384 1257 'quam
415 1201 479 1249 ut,
513 1211 625 1253 quae
657 1200 912 1252 sequuntur,
945 1196 1029 1238 nisi
1060 1196 1293 1252 imaginem
1326 1196 1516 1253 ingentis
1548 1195 1860 1252 magnitudinis
1900 1196 2032 1239 fuisse
2073 1197 2361 1248 arbitramur,
2403 1212 2501 1241 cum
2531 1198 2584 1241 iis
2615 1213 2717 1242 con-

244 1278 497 1335 jungamus.
545 1273 658 1317 Jllas
691 1274 806 1316 enim
837 1274 1060 1330 propriam
1081 1273 1316 1330 imaginem
1338 1273 1518 1330 implere
1540 1273 1873 1331 intelligendum
1905 1277 1972 1316 est
2002 1277 2224 1331 sumptum
2255 1289 2309 1318 ex
2338 1275 2518 1319 diversis
2537 1275 2719 1320 Homeri

249 1351 633 1410 descriptiom'bus,
675 1355 725 1394 ut
758 1353 853 1408 jam
893 1355 1023 1395 antea
1061 1352 1242 1394 ostendi.
1316 1351 1399 1394 Sed
1437 1353 1545 1394 mihi
1592 1351 1765 1408 quidem
1804 1352 1980 1394 minime
2026 1353 2171 1408 placet
2217 1354 2486 1410 singularum
2524 1353 2718 1411 partium

249 1430 518 1489 compositio.
568 1430 707 1481 Quam
738 1445 944 1487 magnam
976 1430 1091 1473 enim
1122 1430 1358 1487 imaginem
1389 1431 1471 1474 tibi
1502 1431 1654 1488 finges,
1687 1430 1733 1471 in
1763 1445 1848 1485 qua
1870 1445 2031 1491 omnes,
2064 1446 2174 1486 quae
2195 1432 2249 1474 ad
2271 1432 2587 1488 agriculturam
2616 1447 2718 1488 per-

250 1512 397 1555 tinent
428 1523 498 1552 res
528 1509 784 1565 conjunctae
817 1522 914 1550 cum
946 1508 1116 1565 magnis
1150 1508 1267 1564 agris
1300 1512 1344 1550 et
1375 1509 1523 1560 vineis,
1557 1510 1784 1564 praeterea
1816 1509 2073 1552 saltationes
2112 1524 2162 1552 ac
2192 1509 2296 1560 ludi,
2329 1510 2513 1553 luctatio
2544 1504 2717 1567 (πάλη),
2786 1531 2789 1534 ’

250 1589 479 1647 pugilatus
498 1582 766 1645 (πυγμική),
808 1586 1078 1637 venationes,
1120 1586 1287 1642 equites
1327 1586 1379 1628 de
1419 1586 1610 1641 praemio
1643 1589 1880 1639 certanteS,
1920 1602 2125 1630 curruum
2156 1590 2396 1639 certamen,
2438 1587 2601 1642 tripus,
2639 1589 2718 1644 'qui

250 1666 495 1723 praemium
543 1665 601 1706 sit
648 1664 846 1715 victoris,
896 1664 1108 1706 collocata
1155 1665 1274 1706 sint?
1321 1664 1440 1714 Quae
1486 1664 1631 1720 imago
1678 1664 1832 1706 lectori
1877 1667 1994 1707 certe
2040 1665 2222 1707 obscura
2269 1667 2465 1721 apparet.
2538 1664 2718 1709 Homeri

251 1742 487 1798 descriptio
525 1742 596 1785 hic
628 1757 818 1797 quoque,
861 1745 911 1784 ut
942 1743 1033 1784 fere
1065 1742 1245 1797 ubique,
1289 1742 1568 1797 simplicitate
1600 1745 1810 1797 praestat.
1875 1738 2106 1799 Agricolae
2138 1745 2285 1793 arant;
2327 1742 2372 1784 in
2411 1743 2521 1786 sulci
2560 1743 2717 1786 finibus

250 1813 382 1866 homo
414 1818 590 1877 quidam
622 1819 674 1862 iis
706 1821 909 1875 poculum
941 1820 1031 1862 vini
1063 1820 1265 1875 praebet;
1300 1819 1365 1862 illi
1396 1812 1548 1862 deinde
1580 1835 1625 1861 se
1657 1822 1848 1871 vertunt,
1881 1823 1932 1862 ut
1963 1835 2123 1863 novum
2154 1821 2320 1863 sulcum
2340 1820 2564 1876 incipiant.
2613 1820 2719 1863 Post

251 1901 451 1944 aratrum
481 1912 584 1941 vero
616 1912 722 1955 ager
752 1897 1006 1954 denigratus
1038 1901 1236 1953 apparet.
1293 1898 1431 1948 Quam
1464 1898 1720 1953 simpliciter
1752 1897 1858 1940 haec
1889 1898 2107 1953 descripta
2138 1899 2259 1940 sunt!
2292 1897 2321 1940 J
2323 1913 2394 1940 am
2425 1912 2560 1954 quum
2590 1899 2720 1942 multi

250 1977 340 2031 alii,
373 1980 469 2021 tum
501 1974 909 2034 Schlichtegrollius
941 1976 1157 2032 explicare
1188 1976 1460 2028 studuerunt,
1494 1977 1706 2033 quomodo
1737 1991 1843 2033 ager
1874 1976 2128 2033 denigratus
2161 1976 2217 2019 ab
2247 1976 2413 2020 artifice
2445 1991 2552 2020 auro
2582 1962 2719 2033 possit

249 2052 452 2117 effingi.
480 2053 593 2097 Mihi
624 2054 804 2097 dubium
836 2069 923 2097 non
955 2057 1041 2105 est,
1082 2055 1185 2110 quin
1219 2054 1327 2097 sulci
1358 2069 1464 2097 auro
1497 2053 1689 2110 expressi
1720 2054 1784 2097 ita
1815 2053 1948 2110 positi
1979 2053 2163 2105 fuerint,
2203 2056 2254 2096 ut
2284 2068 2337 2096 ex
2369 2056 2616 2097 transverso
2646 2069 2718 2098 eos

251 2125 616 2191 conspicientibus
648 2132 869 2187 denigrati
902 2135 1178 2187 apparerent,
1213 2132 1256 2173 id
1288 2132 1403 2186 quod
1434 2146 1514 2173 usu
1546 2131 1692 2174 venire
1724 2134 1877 2174 notum
1908 2146 1952 2173 es
1956 2134 1988 2173 t.

454 2207 625 2264 „Neque
658 2208 800 2250 minus
832 2208 1055 2263 perspicue
1087 2208 1375 2263 distincteque
1396 2208 1611 2251 Homerus
1632 2223 1814 2251 messem
1846 2208 1970 2251 nobis
2001 2208 2217 2264 proponit.
2271 2207 2509 2263 Postquam
2529 2208 2718 2252 maxima

252 2300 351 2341 cum
383 2273 666 2343 simplicitate
697 2286 856 2338 omnia,
889 2300 1000 2341 quae
1032 2286 1086 2328 ad
1120 2300 1301 2328 messem
1333 2285 1569 2341 pertinent,
1602 2285 1843 2341 descripsit,
1876 2285 2100 2341 aptissime
2132 2285 2309 2342 adjecit:

899 2431 1270 2441 .........
1308 2395 1521 2455 βασιλεὺς
1553 2393 1588 2440 δ’
1613 2395 1656 2440 ἐν
1689 2406 1811 2442 τοῖσι
1842 2403 1993 2457 σιωπῇ

899 2480 1121 2533 σκῆπτρον
1153 2476 1267 2529 ἔχων
1299 2473 1474 2533 ἑστήκει
1504 2470 1563 2518 ἐπ’
1586 2472 1730 2534 ὄγμον
1762 2471 2018 2534 γηθόσυνος
2051 2479 2145 2532 κῆρ.

253 2597 371 2650 Rex,
419 2598 535 2654 quod
580 2598 730 2640 messis
769 2600 863 2640 tam
903 2597 1012 2639 uber
1051 2597 1128 2647 sit,
1168 2597 1352 2653 gaudet;
1400 2598 1560 2640 tacitus
1599 2582 1715 2639 inter
1762 2610 1970 2640 messores
2010 2599 2228 2646 moratum
2274 2597 2481 2653 gaudium
2522 2599 2589 2639 est
2627 2599 2721 2652 tam

254 2690 485 2735 magnum,
508 2674 694 2719 ,animus
733 2677 827 2718 tam
865 2676 1041 2732 gratus,
1082 2677 1133 2717 ut
1171 2674 1315 2717 verbis
1354 2674 1596 2730 exprimere
1633 2683 1721 2718 nou
1758 2674 1915 2731 possit,
1957 2688 2069 2730 quae
2100 2675 2245 2718 animo
2277 2674 2424 2717 sentit.
2451 2675 2489 2731 ¹)
2551 2674 2723 2718 Famuli

253 2768 358 2798 vero
387 2754 470 2797 sub
499 2756 652 2797 sancta
683 2767 845 2809 quercu
876 2766 998 2796 sacro
1030 2753 1149 2796 facto
1182 2766 1360 2797 coenam
1391 2757 1563 2808 parant.
2112 2734 2123 2744 ⁴
2707 2758 2709 2760 ’

390 2821 396 2827 ’
474 2830 577 2874 Jam
621 2845 726 2873 vero
771 2833 900 2886 poeta
947 2830 1002 2873 ad
1041 2831 1214 2874 vincum
1254 2830 1574 2875 describentum
1614 2831 1787 2874 transit.
1858 2830 2030 2888 Ubique
2077 2845 2147 2875 ars
2194 2834 2239 2873 et
2286 2830 2507 2888 ingenium
2551 2832 2720 2893 patent.

254 2908 398 2953 Vinea
444 2910 513 2951 est
559 2923 711 2960 aurea,
757 2907 1020 2952 adminicula
1067 2908 1236 2952 vinaria
1282 2910 1512 2966 argentea,
1561 2924 1668 2953 uvae
1705 2912 1808 2952 sunt
1850 2909 2017 2962 fuscae,
2064 2909 2180 2953 fossa
2230 2909 2401 2953 vineam
2452 2907 2723 2952 circumdans
2747 2948 2784 2957 ,.

254 2989 325 3031 est
353 2987 570 3038 caerulea,
601 2989 822 3042 sceptrum
852 2989 920 3029 est
950 2989 1194 3030 stanneum.
1259 2985 1439 3029 Talibus
1470 2987 1676 3043 epithetis
1706 3001 1804 3030 cum
1835 2987 2018 3045 singulis
2048 2987 2293 3031 nominibus
2324 2985 2583 3043 eonjunctis,
2621 2985 2722 3042 pul·

256 3065 479 3109 cherrima
506 3064 649 3107 oritur
680 3064 838 3119 imago,
871 3064 1002 3106 variis
1033 3064 1249 3106 coloribus
1281 3066 1450 3107 ornata.
1500 3063 1631 3106 Pueri
1661 3068 1707 3107 et
1727 3065 1918 3121 virgines
1948 3065 2164 3116 tudentes,
2191 3065 2387 3121 jocantes
2418 3066 2465 3107 et
2494 3063 2720 3114 sartantes,

222 3171 228 3175 -
255 3155 365 3198 quos
395 3140 629 3185 citharista
657 3139 894 3197 praecedit,
926 3155 1032 3183 uvas
1064 3144 1258 3197 portant.
1323 3140 1591 3193 obscuritas,
1624 3156 1735 3197 quae
1764 3142 1811 3185 in
1841 3142 1987 3185 verbis

486 3309 526 3364 ι)
558 3301 791 3358 Βασιλεὺς
829 3306 1029 3351 dominus
1067 3307 1164 3365 agri
1194 3310 1281 3359 est;
1322 3309 1389 3352 sui
1428 3310 1532 3352 sunt
1568 3309 1685 3366 agri,
1726 3322 1829 3352 suae
1860 3311 1964 3352 sunt
1993 3307 2162 3366 fruges,
2201 3321 2333 3364 quae,
2365 3321 2421 3351 ex
2450 3300 2725 3378 agricultura

515 3369 758 3425 paratae,
787 3367 868 3413 illo
897 3368 1093 3425 tempore
1123 3381 1277 3425 regum
1305 3368 1468 3415 divitae
1498 3371 1637 3414 erant
