2874 3741
34 278 43 285 “
117 247 122 250 ⁴
197 257 524 333 Parcarumet
547 269 737 330 Ἄχλόος
767 272 1004 321 Homerus·
1016 249 1294 320 mentionem
1329 289 1436 319 uon
1429 271 1607 324 ficis
1610 273 1728 325 θοὰ
1751 266 2035 329 vereorqme
2051 257 2205 330 multis
2241 277 2397 336 »ηοω
2432 275 2683 329 mmmibm
2677 218 2758 328 ι’,

204 352 358 400 allatis
387 352 601 410 proelium
630 352 774 409 ipsum
803 352 935 395 nimis
963 341 1153 398 recedat.
1217 351 1423 399 Ceterum
1452 351 1632 396 Hesiodi
1662 352 1997 409 descriptionem
2019 351 2208 398 Homeri
2235 351 2543 410 paefatam.
2624 390 2629 395 ,

430 430 659 488 Sequitur,
692 433 743 473 ut
773 430 826 473 de
856 444 1009 488 pugna
1039 434 1266 475 taurorum
1299 432 1344 472 et
1375 431 1571 481 leonum,
1611 444 1744 485 quam
1774 429 2014 485 Homerus,
2053 435 2101 480 et
2137 428 2219 475 de
2215 445 2385 489 pugna
2399 441 2606 490 aprorum
2635 436 2683 479 et

208 484 407 567 leonum,
447 522 580 564 quam
618 505 834 551 Hesiodus
872 507 1121 565 descripsit,
1160 522 1298 562 pauca
1337 506 1493 550 dicam.
1556 505 1681 549 Unde
1719 506 1934 550 Hesiodus
1972 509 2085 554 hanc
2123 508 2473 566 descriptionem
2493 508 2681 565 duxerit,

116 624 119 625 ⁷
201 584 299 641 jam
330 599 463 641 supra
482 584 667 628 ostendi.
708 583 778 627 Ad
799 584 1053 636 Homerum,
1087 598 1216 640 quem
1238 583 1373 627 etiam
1393 584 1510 627 hac
1498 599 1543 627 m
1564 598 1610 625 re
1640 580 1855 627 Hesiodus
1886 586 2119 642 praecipue
2150 586 2349 631 imitatus
2379 588 2460 639 est,
2490 586 2683 643 primum
2714 581 2719 584 ’

127 669 138 671 “
207 661 540 721 respiciendum.
619 662 755 706 Poeta
806 661 853 705 in
906 661 1068 705 medias
1122 675 1191 703 res
1246 676 1323 704 nos
1378 660 1556 705 inducit.
1636 660 1879 703 Taurorum
1916 675 2115 722 gregem,
2164 663 2240 707 ubi
2276 663 2465 719 primum
2502 663 2551 725 in
2586 658 2682 710 loca

209 749 373 796 pascua
403 740 642 791 contendit,
675 741 760 783 duo
792 744 894 782 sunt
926 740 1091 796 agressi
1123 741 1291 789 leones3
1318 741 1413 795 jam
1446 743 1622 782 taurum
1652 739 1870 789 lacerant3
1903 741 2114 794 quattuor
2143 743 2340 796 pastores
2370 754 2524 785 novem
2554 740 2682 788 canes

210 816 502 869 concitantes,
544 833 670 861 canes
703 818 939 869 latrantes,
980 817 1054 860 sed
1085 833 1173 860 non
1204 817 1509 874 aggredientes
1539 817 1684 860 leones
1714 819 1891 860 taurum
1929 817 2175 862 conservari
2206 832 2293 861 non
2323 833 2447 874 posse
2478 804 2681 884 probant.

212 893 371 943 Omnia
403 895 608 946 breviter,
643 895 717 938 sed
748 896 812 937 ita
845 894 1063 950 descripta
1095 897 1211 946 sunt,
1245 898 1295 937 ut
1326 895 1472 952 imago
1495 894 1656 937 existat
1677 893 1983 949 pulcherrima.
2040 893 2188 947 Poeta,
2219 898 2272 938 ut
2292 895 2435 939 varios
2454 899 2681 947 taurorum

196 961 376 1016 'colores
392 971 621 1031 designet,
655 974 804 1016 tauros
837 987 891 1016 ex
923 986 1029 1015 auro
1063 975 1107 1015 et
1140 974 1297 1015 stanno
1328 971 1539 1015 formatos
1571 986 1661 1014 esse
1693 971 1826 1022 dixit,
1865 971 1960 1014 loca
1992 985 2151 1027 pascua
2183 972 2239 1016 ad
2269 970 2430 1015 flumen
2460 976 2680 1029 spectant3

211 1048 374 1092 flumen
404 1049 615 1092 arundine
647 1049 965 1092 circumdatum
996 1053 1084 1099 est3
1117 1054 1314 1105 pastores
1347 1049 1468 1091 aurei
1500 1050 1846 1104 conspiciuntur3
1885 1053 1936 1090 ut
1975 1050 2166 1091 breviter
2198 1050 2357 1100 dicam,
2398 1052 2515 1092 omni
2545 1052 2682 1108 signi-

212 1125 410 1170 ficationi
441 1129 595 1183 aptum
628 1130 695 1169 est
726 1126 944 1183 adjectum
976 1126 1215 1182 epitheton.
2397 1131 2402 1134 ”

368 1225 379 1229 ·
431 1203 576 1247 Multo
615 1204 912 1261 negligentius
951 1203 1165 1247 Hesiodus
1212 1217 1405 1263 pugnam
1453 1217 1657 1259 aprorum
1697 1206 1742 1245 et
1781 1204 1953 1246 leonum
1991 1204 2231 1260 descripsit.
2302 1203 2528 1261 Nusquam
2565 1206 2681 1250 enim

212 1281 512 1331 metallorum,
554 1296 608 1324 ex
647 1281 803 1336 quibus
847 1281 992 1336 imago
1032 1280 1091 1322 sit
1128 1283 1397 1331 constructa,
1439 1280 1703 1322 mentionem
1741 1280 1861 1323 facit.
1926 1280 2142 1332 Ceterum,
2182 1284 2232 1324 ut
2264 1279 2500 1334 Homerus,
2525 1297 2603 1327 nos
2624 1263 2681 1327 'in

210 1358 375 1401 medias
407 1372 476 1400 res
508 1359 640 1413 rapit.
704 1358 806 1401 Jam
837 1359 905 1400 leo
938 1361 983 1400 et
1023 1358 1107 1400 duo
1146 1358 1242 1412 apri
1282 1357 1493 1412 prostrati
1532 1359 1655 1406 sunt;
1696 1361 1791 1399 tum
1830 1360 1875 1399 et
1914 1358 2010 1413 apri
2042 1362 2086 1401 et
2117 1359 2283 1411 leones,
2324 1359 2515 1402 militum
2546 1376 2679 1418 more,

211 1435 428 1478 instructa
460 1435 552 1478 acie
586 1436 644 1490 (v.
680 1436 783 1490 170)
816 1435 956 1478 denuo
989 1434 1229 1491 pugnaturi
1261 1437 1374 1476 sunt.
1440 1433 1524 1476 Sed
1555 1432 1770 1477 Homerus
1802 1429 2135 1491 descriptionem
2173 1451 2345 1493 pugnae
2376 1438 2604 1480 taurorum
2634 1441 2680 1482 et

211 1513 408 1565 leonum,
448 1513 550 1569 quia
589 1512 750 1568 ubique
789 1527 925 1570 genus
965 1512 1266 1563 metallorum,
1308 1526 1361 1553 ex
1400 1511 1556 1567 quibus
1595 1510 1791 1568 singulae
1831 1511 1998 1568 figurae
2037 1516 2312 1557 constructae
2360 1514 2471 1566 sint,
2520 1514 2679 1559 additis

212 1589 422 1646 epithetis
455 1591 584 1647 aptis,
617 1590 790 1646 adjecit,
823 1590 963 1633 multo
995 1588 1309 1632 distinctiorem
1341 1589 1532 1645 praebet.

430 1668 525 1719 Qua
557 1682 603 1710 re
634 1667 832 1712 confecta
864 1667 919 1710 ad
951 1666 1200 1724 imaginem,
1235 1681 1320 1722 qua
1349 1665 1562 1709 Homerus
1594 1666 1773 1709 chorum
1806 1667 1893 1721 (vv.
1918 1667 2174 1724 590—605)
2206 1669 2447 1725 descripsit,
2480 1672 2679 1713 transea—

211 1762 321 1790 mus.
387 1745 555 1789 Chorus
588 1746 868 1790 simulacrum
907 1747 974 1788 est
1011 1744 1153 1795 chori,
1194 1759 1322 1800 quem
1354 1743 1593 1796 Daedalus,
1633 1759 1766 1800 quum
1798 1745 1911 1800 apud
1942 1744 2152 1797 Minoem,
2193 1732 2521 1790 celeberrimum
2535 1740 2678 1792 'illum

212 1839 362 1881 regem
382 1824 669 1874 Cretensium,
701 1826 828 1874 esset,
862 1823 1096 1872 Ariadnae,
1129 1823 1222 1877 ejus
1245 1822 1375 1872 filiae,
1409 1822 1616 1864 instituit.
1665 1822 1816 1877 Induti
1837 1827 1940 1865 sunt
1967 1824 2102 1866 linteo
2123 1825 2245 1867 tenui
2259 1824 2454 1880 juvenes,
2487 1825 2677 1881 virgines

212 1903 406 1947 vestibus
453 1902 588 1946 textis
635 1901 935 1957 adspersisque
983 1900 1088 1944 oleis
1135 1899 1340 1943 odoratis
1411 1898 1669 1957 Virginibus
1716 1902 1819 1944 sunt
1865 1916 2046 1945 coronae
2092 1901 2320 1959 pulchrae,
2376 1901 2497 1946 aurei
2543 1902 2679 1960 gladii

206 1980 441 2037 juvenibus
474 1994 573 2022 cum
605 1979 895 2022 telamonibus
927 1978 1147 2035 argenteis
1180 1978 1406 2019 exstructi.
1457 1976 1604 2020 Turba
1635 1992 1737 2019 vero
1759 1979 1983 2021 hominum
2012 1980 2224 2022 saltantes
2253 1979 2491 2022 circumdat
2522 1995 2680 2038 eosque

211 2057 468 2100 admiratur.
539 2055 636 2099 Tali
675 2057 800 2098 modo
839 2055 1054 2098 Homerus
1085 2055 1208 2097 nobis
1248 2055 1483 2111 imaginem
1524 2055 1906 2110 simplicissimam,
1946 2057 2020 2098 sed
2060 2056 2407 2100 venustissimam
2438 2059 2678 2113 proposuit.

212 2134 336 2184 Quod
367 2135 422 2177 ad
453 2134 632 2176 Hesiodi
664 2134 910 2176 saltationis
949 2133 1281 2186 descriptionem
1322 2133 1511 2182 adtinet,
1552 2148 1681 2186 quam
1713 2148 1810 2175 cum
1842 2134 2129 2188 descriptione
2161 2135 2280 2176 urbis
2311 2134 2442 2177 variis
2474 2136 2679 2191 volupta-

212 2212 332 2256 tibus
363 2212 508 2255 laetae
540 2210 779 2267 conjunxit,
813 2225 924 2266 quae
957 2223 1088 2266 supra
1121 2209 1238 2266 (pag.
1274 2210 1349 2266 20)
1383 2209 1484 2261 dixi,
1518 2209 1809 2253 conferantur.

432 2288 479 2332 Si
509 2289 566 2333 ad
597 2287 775 2332 Hesiodi
808 2302 956 2331 versus
992 2287 1226 2329 147—167
1260 2286 1524 2343 respicimus,
1556 2301 1642 2328 non
1674 2287 1920 2330 universam
1952 2290 2007 2331 ab
2038 2288 2228 2330 Homero
2268 2288 2539 2345 descriptam
2568 2291 2679 2334 ima·

210 2367 360 2424 ginem
400 2367 666 2416 invenimus,
712 2380 811 2408 cum
858 2380 945 2420 qua
986 2365 1108 2407 illam
1148 2365 1383 2420 imaginem
1422 2378 1737 2419 comparemuS,
1780 2365 1863 2405 nisi
1901 2365 2044 2407 Eridis
2084 2369 2129 2406 et
2162 2369 2311 2422 Κῆρος
2345 2366 2679 2422 descriptionem

211 2445 491 2489 attulerimus
532 2445 617 2500 (vv.
662 2445 806 2486 535—
753 2444 933 2499 —540).
1000 2427 1084 2485 Sed
1124 2442 1204 2485 has
1245 2457 1312 2484 res
1348 2443 1441 2497 jam
1482 2446 1610 2485 antea
1651 2442 1737 2496 (vv.
1774 2443 1918 2485 249—
1925 2443 2030 2499 270)
2072 2442 2247 2499 attigit,
2287 2458 2372 2498 quo
2411 2444 2525 2495 loco,
2567 2459 2678 2501 quae

210 2521 428 2565 Homerus
458 2537 527 2564 vv.
561 2520 799 2563 534—540
831 2520 1072 2575 descripsit,
1105 2520 1303 2562 imitatus
1335 2524 1415 2561 est.
1480 2518 1634 2573 Itaque
1667 2519 1778 2561 hanc
1800 2519 1975 2561 Hesiodi
2007 2519 2338 2575 descriptionem
2371 2520 2507 2563 solam
2538 2521 2678 2564 consi-

211 2599 424 2642 deremus.
487 2598 627 2649 Quam
667 2598 779 2641 unde
819 2600 949 2653 poeta
988 2598 1182 2648 duxerit,
1219 2598 1311 2652 jam
1351 2611 1451 2653 pag.
1490 2598 1543 2638 12
1577 2610 1669 2652 sqq.
1710 2597 1888 2639 contuli.
1952 2597 2004 2639 In
2042 2597 2254 2654 imagine,
2298 2612 2429 2653 quam
2461 2597 2505 2640 in
2526 2598 2678 2642 'medio

209 2680 335 2721 scuto
374 2677 508 2719 fuisse
547 2677 670 2728 dicit,
712 2675 908 2719 draconis
949 2676 1229 2718 simulacrum
1269 2677 1377 2717 erat.
1441 2674 1523 2716 Ille
1562 2677 1694 2730 caput
1734 2674 1778 2715 in
1819 2678 1944 2731 terga
1983 2678 2198 2717 retorsum
2236 2675 2405 2718 habuit.
2434 2676 2472 2732 ¹)
2535 2674 2677 2731 Supra

210 2757 304 2812 ejus
336 2755 528 2798 frontem
559 2753 771 2797 minacem
803 2757 899 2796 erat
930 2753 1029 2795 Eris
1061 2753 1257 2796 homines
1290 2753 1344 2795 ad
1377 2767 1571 2809 pugnam
1602 2752 1888 2795 inflammans.
1927 2753 2175 2796 .Hactenus
2213 2753 2415 2809 imaginis
2447 2752 2680 2808 descriptio

207 2836 355 2891 patet3
388 2833 462 2876 sed
493 2835 624 2888 poeta
655 2831 822 2888 pergit:

651 2934 831 2997 [Ἐρις],
864 2938 1065 2996 σχετλίη,
1097 2934 1127 2996 ἥ
1157 2939 1212 2995 ῥα
1248 2935 1348 2982 νόον
1382 2954 1424 2979 τε
1459 2939 1530 2980 καὶ
1567 2935 1611 2981 ἐκ
1644 2936 1803 2993 φρένας
1838 2937 1988 2980 αἴνυτο
2023 2941 2197 2991 φωτῶν,

861 3013 1020 3067 οἵτινες
1055 3012 1254 3074 ἀντιβίην
1284 3012 1478 3071 πόλεμον
1511 3010 1629 3067 Διὸς
1662 3008 1729 3058 υἷϊ
1760 3014 1945 3071 φέροιεν.

207 3124 345 3172 Poeta
385 3127 453 3170 his
493 3127 688 3170 versibus
728 3126 856 3177 dicit,
897 3124 1031 3168 Erida
1070 3139 1140 3167 eos
1179 3128 1324 3168 mente
1362 3129 1495 3180 atque
1536 3123 1680 3167 animo
1725 3123 1918 3180 privare,
1961 3123 2036 3180 qui
2074 3138 2172 3167 cum
2211 3122 2399 3167 Hercule
2439 3122 2679 3180 pugnaturi

206 3208 364 3251 essent.
429 3204 514 3249 Sed
545 3219 759 3262 nusquam
791 3202 958 3256 inveni,
998 3201 1132 3246 Erida
1173 3203 1362 3259 aliquem
1394 3219 1419 3246 a
1452 3216 1599 3260 pugna
1639 3201 1883 3252 retrahere3
1924 3216 2093 3258 semper
2133 3204 2280 3245 autem
2312 3200 2366 3244 ad
2397 3200 2679 3258 pugnandum
2751 3224 2754 3225 ν

435 3385 476 3441 ¹)
508 3384 587 3429 cfr.
621 3382 740 3427 Orid.
773 3385 949 3426 metam.
982 3381 1065 3432 111,
1100 3382 1178 3424 68:

708 3442 816 3486 »Ille
848 3443 1062 3498 (serpens)
1094 3442 1243 3485 dolore
1275 3441 1398 3483 ferox
1429 3445 1562 3496 caput
1592 3441 1638 3484 in
1669 3455 1746 3483 sua
1779 3443 1907 3496 terga
1937 3439 2157 3483 retorsit«
